<record><leader>00000cas a22000007a 4500</leader><controlfield tag="001">12885504</controlfield><controlfield tag="008">851209d190419uupaudn ne      0    0eng d</controlfield><controlfield tag="009">5601</controlfield><datafield ind1=" " ind2=" " tag="010"><subfield code="a">sn 85055177 </subfield></datafield><datafield ind1=" " ind2=" " tag="040"><subfield code="a">NPH</subfield><subfield code="b">eng</subfield><subfield code="c">NPH</subfield><subfield code="d">DLC</subfield></datafield><datafield ind1=" " ind2=" " tag="042"><subfield code="a">msc</subfield></datafield><datafield ind1="0" ind2="4" tag="245"><subfield code="a">The Greensburg star.</subfield></datafield><datafield ind1=" " ind2=" " tag="260"><subfield code="a">Greensburg, Pa. :</subfield><subfield code="b">Westmoreland Printing &amp; Pub. co.,</subfield><subfield code="c">1904-</subfield></datafield><datafield ind1=" " ind2=" " tag="300"><subfield code="a">v. :</subfield><subfield code="b">ill. ;</subfield><subfield code="c">57 cm.</subfield></datafield><datafield ind1=" " ind2=" " tag="310"><subfield code="a">Daily (except Sunday).</subfield></datafield><datafield ind1="0" ind2=" " tag="362"><subfield code="a">Vol. 4, no. 232 (Dec. 16, 1904)-</subfield></datafield><datafield ind1=" " ind2=" " tag="500"><subfield code="a">"Only Democratic daily paper in Westmoreland County."</subfield></datafield><datafield ind1=" " ind2=" " tag="500"><subfield code="a">Publisher: John S. Ritenour, &lt;June 19, 1909&gt;.</subfield></datafield><datafield ind1=" " ind2=" " tag="752"><subfield code="a">United States</subfield><subfield code="b">Pennsylvania</subfield><subfield code="c">Westmoreland</subfield><subfield code="d">Greensburg.</subfield></datafield><datafield ind1="0" ind2="0" tag="780"><subfield code="t">Greensburg daily star</subfield><subfield code="w">(DLC)sn 86081695</subfield></datafield></record>